@article {
    Brown2011,
    author = "Neil Brown",
    title = "Object-oriented design patterns in the kernel",
    year = "2011",
    note = "\url{https://lwn.net/Articles/444910}"
}

@misc {
    cppref_asif,
    title = "The as-if rule",
    note = "\url{https://en.cppreference.com/w/cpp/language/as_if}",
}

@article {
    Drepper2011,
    author = "Ulrich Drepper",
    title = "Futexes Are Tricky",
    year = "2011",
    note = "\url{https://akkadia.org/drepper/futex.pdf}"
}

@article {
    Lamport1978,
    author = "Leslie Lamport",
    title = "Time, Clocks, and the Ordering of Events in a Distributed System",
    year = "1978",
    publisher = "ACM",
    journal = "Communications of the ACM",
    note = "\url{http://lamport.azurewebsites.net/pubs/time-clocks.pdf}",
}

@article {
    Lamport1979,
    author = "Leslie Lamport",
    title = "How to Make a Multiprocessor Computer That Correctly Executes Multiprocess Programs",
    year = "1979",
    publisher = "IEEE",
    journal = "IEEE Transactions on Computers",
    note = "\url{http://lamport.azurewebsites.net/pubs/multi.pdf}",
}

@article {
    Stroustrup1989,
    author = "Bjarne Stroustrup",
    title = "Multiple Inheritance for C++",
    year = "1989",
    publisher = "USENIX",
    journal = "Computing Systems",
    note = "\url{https://www.usenix.org/legacy/publications/compsystems/1989/fall_stroustrup.pdf}",
}
